@book{deruDeepLearningMit2020,
  title = {Deep Learning mit TensorFlow, Keras und TensorFlow.js},
  author = {Deru, Matthieu and Ndiaye, Alassane},
  date = {2020},
  series = {Rheinwerk Computing},
  edition = {2., aktualisierte und erweiterte Auflage},
  publisher = {{Rheinwerk Verlag}},
  location = {{Bonn}},
  abstract = {Die hier vorliegende 2. Auflage des Praxishandbuchs zum Deep Learning wurde gründlich aktualisiert und erweitert. Das Werk befasst sich mit Grundkonzepten des Deep Learning und zeigt den Einsatz und das Training von neuronalen Netzen mit Daten. Aufbau und Layout dieser Auflage sind unverändert. Der Inhalt jedoch wurde erweitert und dem technischen Fortschritt angepasst. Im ersten Kapitel befinden sich vier neue Beispiel für die Anwendung von Deep Learning. Das Kapitel zu Python bezieht sich in dieser Auflage auf die Version 3.7 und das Kapitel zum Framework TensorFlow ist komplett aktualisiert. Ausserdem sind vier neue Praxisbeispiele hinzugekommen. Die angepassten Abbildungen und Hinweise unterstützen das Textverständnis weiterhin. Vorausgesetzt werden Grundkenntnisse in Python und JavaScript (zum Benutzen der eingesetzten Frameworks) sowie in Mathematik. Als Einsteigertitel zum Thema besser geeignet ist Andrew W. Trask: "Neuronale Netze und Deep Learning kapieren". Der Vorgänger kann noch im Bestand bleiben. (3)},
  isbn = {978-3-8362-7425-8},
  langid = {german},
  pagetotal = {496},
  file = {C:\Users\serge\Zotero\storage\86UGB7YG\Deru und Ndiaye - 2020 - Deep Learning mit TensorFlow, Keras und TensorFlow.pdf}
}

@book{goodfellowDeepLearning2016,
  title = {Deep Learning},
  author = {Goodfellow, Ian and Bengio, Yoshua and Courville, Aaron},
  date = {2016},
  series = {Adaptive Computation and Machine Learning},
  publisher = {{The MIT Press}},
  location = {{Cambridge, Massachusetts}},
  isbn = {978-0-262-03561-3},
  pagetotal = {775},
  keywords = {Machine learning}
}

@book{princeUnderstandingDeepLearning2023,
  title = {Understanding Deep Learning},
  author = {Prince, Simon J. D.},
  date = {2023},
  publisher = {{The MIT Press}},
  location = {{Cambridge, Massachusetts}},
  abstract = {"This book covers modern deep learning and tackles supervised learning, model architecture, unsupervised learning, and deep reinforcement learning"--},
  isbn = {978-0-262-04864-4},
  keywords = {Deep learning (Machine learning)}
}

@book{robertsPrinciplesDeepLearning2022,
  title = {The Principles of Deep Learning Theory: An Effective Theory Approach to Understanding Neural Networks},
  shorttitle = {The Principles of Deep Learning Theory},
  author = {Roberts, Daniel A. and Yaida, Sho},
  editora = {Hanin, Boris},
  editoratype = {collaborator},
  date = {2022},
  publisher = {{Cambridge University Press}},
  location = {{Cambridge New York, NY Port Melbourne, VIC New Delhi Singapore}},
  doi = {10.1017/9781009023405},
  abstract = {"This textbook establishes a theoretical framework for understanding deep learning models of practical relevance. With an approach that borrows from theoretical physics, Roberts and Yaida provide clear and pedagogical explanations of how realistic deep neural networks actually work. To make results from the theoretical forefront accessible, the authors eschew the subject's traditional emphasis on intimidating formality without sacrificing accuracy. Straightforward and approachable, this volume balances detailed first-principle derivations of novel results with insight and intuition for theorists and practitioners alike. This self-contained textbook is ideal for students and researchers interested in artificial intelligence with minimal prerequisites of linear algebra, calculus, and informal probability theory, and it can easily fill a semester-long course on deep learning theory. For the first time, the exciting practical advances in modern artificial intelligence capabilities can be matched with a set of effective principles, providing a timeless blueprint for theoretical research in deep learning"--},
  isbn = {978-1-316-51933-2},
  langid = {english},
  pagetotal = {460},
  file = {C:\Users\serge\Zotero\storage\UGWMJ8N7\Roberts und Yaida - 2022 - The principles of deep learning theory an effecti.pdf}
}
